<?xml version="1.0" encoding="UTF-8"?><collection xmlns="http://www.loc.gov/MARC21/slim"><record><leader>00433nam--2200157-i-4500</leader><controlfield tag="001">000027518</controlfield><controlfield tag="002">20161230</controlfield><controlfield tag="005">20170103174152</controlfield><controlfield tag="008">060222s1000------------r-----000-0-eng-d</controlfield><datafield ind1=" " ind2=" " tag="100"><subfield code="a">Koster, George F</subfield></datafield><datafield ind1=" " ind2=" " tag="245"><subfield code="a">Spectroscopic coefficients for the pn, dn, and fn configurations</subfield></datafield><datafield ind1=" " ind2=" " tag="260"><subfield code="a">Cambridge</subfield><subfield code="b">Mass.,The Mit Press</subfield><subfield code="c">1963</subfield></datafield><datafield ind1=" " ind2=" " tag="300"><subfield code="a">XI + 275 p</subfield></datafield><datafield ind1=" " ind2=" " tag="700"><subfield code="a">Nielson, C. W</subfield></datafield><datafield ind1=" " ind2=" " tag="852"><subfield code="a">19748</subfield></datafield><datafield ind1=" " ind2=" " tag="CAT"><subfield code="a">SYS</subfield><subfield code="c">20170103</subfield><subfield code="h">174152</subfield></datafield></record></collection>